<?xml version="1.0" encoding="utf-8"?>
<record xmlns="http://www.loc.gov/MARC21/slim" xmlns:xsi="http://www.w3.org/2001/XMLSchema-instance" xsi:schemaLocation="http://www.loc.gov/MARC21/slim http://www.loc.gov/standards/marcxml/schema/MARC21slim.xsd">
	<leader>     nam a22        4500</leader>
	<controlfield tag="001">b1233716x</controlfield>
	<controlfield tag="003">LeBAU</controlfield>
	<controlfield tag="006">m        d        </controlfield>
	<controlfield tag="007">cr cn |||m|||a</controlfield>
	<controlfield tag="008">170310s1914    ua      o     ||0 0 ara d</controlfield>
	<datafield ind1=" " ind2=" " tag="040">
		<subfield code="a">NNU</subfield>
		<subfield code="b">ara</subfield>
		<subfield code="e">rda</subfield>
		<subfield code="c">NNU</subfield>
	</datafield>
	<datafield ind1="0" ind2="4" tag="082">
		<subfield code="a">297.1241</subfield>
		<subfield code="2">22</subfield>
	</datafield>
	<datafield ind1="1" ind2=" " tag="100">
		<subfield code="6">880-01</subfield>
		<subfield code="a">Zabīdī, Aḥmad ibn Aḥmad,</subfield>
		<subfield code="d">1409?-1488,</subfield>
		<subfield code="e">author.</subfield>
	</datafield>
	<datafield ind1="1" ind2="0" tag="245">
		<subfield code="6">880-02</subfield>
		<subfield code="a">Kitāb al-Tajrīd al-ṣarīḥ li-aḥādīth al-jāmiʻ al-ṣaḥīḥ /</subfield>
		<subfield code="c">lil-Ḥusayn ibn Mubārak al-Zubaydī. wa-li-tamām al-naf‘ qad dhayyalnāh bi-ḥawāshī intukhibat min sharḥ al-‘allāmah al-Shaykh ‘Abd Allāh al-Sharqāwī - wa-sharḥ al-imām Muḥammad ibn Qāsim al-Ghazzī.</subfield>
	</datafield>
	<datafield ind1="3" ind2="0" tag="246">
		<subfield code="6">880-03</subfield>
		<subfield code="a">al-Tajrīd al-ṣarīḥ li-aḥādīth al-jāmiʻ al-ṣaḥīḥ</subfield>
	</datafield>
	<datafield ind1=" " ind2="1" tag="264">
		<subfield code="6">880-04</subfield>
		<subfield code="a">Miṣr :</subfield>
		<subfield code="b">al-Maṭba‘ah al-Azharīyah,</subfield>
		<subfield code="c">1333 H. = 1914 M.</subfield>
	</datafield>
	<datafield ind1=" " ind2=" " tag="300">
		<subfield code="6">880-05</subfield>
		<subfield code="a">online resource (1 volume)</subfield>
	</datafield>
	<datafield ind1=" " ind2=" " tag="336">
		<subfield code="a">text</subfield>
		<subfield code="2">rdacontent</subfield>
	</datafield>
	<datafield ind1=" " ind2=" " tag="337">
		<subfield code="a">computer</subfield>
		<subfield code="2">rdamedia</subfield>
	</datafield>
	<datafield ind1=" " ind2=" " tag="338">
		<subfield code="a">online resource</subfield>
		<subfield code="2">rdacarrier</subfield>
	</datafield>
	<datafield ind1=" " ind2=" " tag="500">
		<subfield code="a">2 جزء ببليوغرافي في 1 جزء مادي.</subfield>
	</datafield>
	<datafield ind1=" " ind2=" " tag="500">
		<subfield code="a">Part of the Arabic Collections Online (ACO) project, contributed by American University of Beirut's Jafet Memorial Library.</subfield>
	</datafield>
	<datafield ind1=" " ind2=" " tag="533">
		<subfield code="a">Electronic reproduction.</subfield>
		<subfield code="b">New York, N.Y. :</subfield>
		<subfield code="c">New York University,</subfield>
		<subfield code="d">2017.</subfield>
		<subfield code="5">NNU</subfield>
	</datafield>
	<datafield ind1="1" ind2="4" tag="600">
		<subfield code="a">البخاري، محمد بن إسماعيل،</subfield>
		<subfield code="d">810-870.</subfield>
		<subfield code="t">الجامع الصحيح.</subfield>
	</datafield>
	<datafield ind1="1" ind2="0" tag="600">
		<subfield code="a">Bukhārī, Muḥammad ibn Ismāʻīl,</subfield>
		<subfield code="d">810-870.</subfield>
		<subfield code="t">Jāmiʻ al-ṣaḥīḥ.</subfield>
	</datafield>
	<datafield ind1=" " ind2="4" tag="650">
		<subfield code="a">الحديث</subfield>
		<subfield code="v">اعمال قديمة حتى 1800.</subfield>
	</datafield>
	<datafield ind1=" " ind2="0" tag="650">
		<subfield code="a">Hadith</subfield>
		<subfield code="v">Early works to 1800.</subfield>
	</datafield>
	<datafield ind1="1" ind2="2" tag="700">
		<subfield code="6">880-06</subfield>
		<subfield code="a">Bukhārī, Muḥammad ibn Ismāʻīl,</subfield>
		<subfield code="d">810-870.</subfield>
		<subfield code="t">Jāmiʻ al-ṣaḥīḥ.</subfield>
	</datafield>
	<datafield ind1="1" ind2="2" tag="700">
		<subfield code="6">880-07</subfield>
		<subfield code="a">Sharqāwī, ʻAbd Allāh ibn Ḥijāzī,</subfield>
		<subfield code="d">1737 or 1738-1812 or 1813.</subfield>
		<subfield code="t">Sharḥ al-Jāmiʻ al-ṣaḥīḥ.</subfield>
	</datafield>
	<datafield ind1="1" ind2="2" tag="700">
		<subfield code="6">880-08</subfield>
		<subfield code="a">Ghazzī, Muḥammad ibn Qāsim,</subfield>
		<subfield code="d">1454 or 1455-1512 or 1513.</subfield>
		<subfield code="t">Sharḥ al-Jāmiʻ al-ṣaḥīḥ.</subfield>
	</datafield>
	<datafield ind1="2" ind2=" " tag="710">
		<subfield code="a">Jafet Memorial Library.</subfield>
	</datafield>
	<datafield ind1="0" ind2=" " tag="730">
		<subfield code="a">Arabic Collections Online.</subfield>
	</datafield>
	<datafield ind1="0" ind2="8" tag="776">
		<subfield code="i">Print version:</subfield>
		<subfield code="a">Zabīdī, Aḥmad ibn Aḥmad, 1409?-1488, author.</subfield>
		<subfield code="t">Kitāb al-Tajrīd al-ṣarīḥ li-aḥādīth al-jāmiʻ al-ṣaḥīḥ</subfield>
		<subfield code="w">(LeBAU)b1233716x</subfield>
	</datafield>
	<datafield ind1="4" ind2="0" tag="856">
		<subfield code="u">http://hdl.handle.net/2333.1/1g1jwzc7</subfield>
	</datafield>
	<datafield ind1="1" ind2=" " tag="880">
		<subfield code="6">100-01/(3/r</subfield>
		<subfield code="a">الزبيدي، احمد بن احمد،</subfield>
		<subfield code="d">1409؟-1488،</subfield>
		<subfield code="e">مؤلف. </subfield>
		<subfield code="4">aut.</subfield>
	</datafield>
	<datafield ind1="1" ind2="0" tag="880">
		<subfield code="6">245-02/(3/r</subfield>
		<subfield code="a">كتاب التجريد الصريح لأحاديث الجامع الصحيح /</subfield>
		<subfield code="c">للحسين بن مبارك الزبيدي. ولتمام النفع قد ذيلناه بحواشي إنتخبت من شرح العلامة الشيخ عبد الله الشرقاوي - وشرح الإمام محمد بن قاسم الغزي.</subfield>
	</datafield>
	<datafield ind1="3" ind2="0" tag="880">
		<subfield code="6">246-03/(3/r</subfield>
		<subfield code="a">التجريد الصريح لأحاديث الجامع الصحيح</subfield>
	</datafield>
	<datafield ind1=" " ind2="1" tag="880">
		<subfield code="6">264-04/(3/r</subfield>
		<subfield code="a">مصر :</subfield>
		<subfield code="b">المطبعة الأزهرية،</subfield>
		<subfield code="c">1333 هـ. = 1914 م.</subfield>
	</datafield>
	<datafield ind1=" " ind2=" " tag="880">
		<subfield code="6">300-05/(3/r</subfield>
		<subfield code="a">1 جزء ؛</subfield>
		<subfield code="c">28 سم</subfield>
	</datafield>
	<datafield ind1="1" ind2="2" tag="880">
		<subfield code="6">700-06/(3/r</subfield>
		<subfield code="a">البخاري، محمد بن إسماعيل،</subfield>
		<subfield code="d">810-870.</subfield>
		<subfield code="t">الجامع الصحيح.</subfield>
	</datafield>
	<datafield ind1="1" ind2="2" tag="880">
		<subfield code="6">700-07/(3/r</subfield>
		<subfield code="a">الشرقاوي، عبد الله بن حجازي،</subfield>
		<subfield code="d">1737 او 1738-1812 او 1813.</subfield>
		<subfield code="t">شرح الجامع الصحيح.</subfield>
	</datafield>
	<datafield ind1="1" ind2="2" tag="880">
		<subfield code="6">700-08/(3/r</subfield>
		<subfield code="a">الغزي، محمد بن قاسم،</subfield>
		<subfield code="d">1454 او 1455-1512 او 1513.</subfield>
		<subfield code="t">شرح الجامع الصحيح.</subfield>
	</datafield>
	<datafield ind1=" " ind2=" " tag="959">
		<subfield code="a">NNU</subfield>
		<subfield code="b">WEB</subfield>
		<subfield code="c">GENI</subfield>
		<subfield code="t">0</subfield>
		<subfield code="m">Electronic access</subfield>
		<subfield code="s">01</subfield>
	</datafield>
	<datafield ind1=" " ind2=" " tag="999">
		<subfield code="i">LeBAU_b1233716x</subfield>
		<subfield code="s">aub_aco000938:v.1-2</subfield>
		<subfield code="e">(ERROR-MISC)</subfield>
	</datafield>
</record>
